@misc{dash,
  title = {Dash: A Python framework for building analytical web applications},
  author = {{Plotly Technologies Inc.}},
  year = {2017},
  url = {https://dash.plotly.com/},
  note = {Accessed: 2025-04-27}
}

@misc{plotly,
  title = {Plotly: Collaborative data science},
  author = {{Plotly Technologies Inc.}},
  year = {2015},
  url = {https://plotly.com/python/},
  note = {Accessed: 2025-04-27}
}